% -------------------------------------------------------------------------
% This BibTex file was generated by Qiqqa (http://www.qiqqa.com/?ref=EXPBIB)
% Thursday, June 27, 2013 9:44:07 PM
% Version 3
% -------------------------------------------------------------------------

@misc{webgoat
,	title	= {OWASP WebGoat}
,	author	= {Open Web Application Security Project}
,	year	= {2013}
,	howpublished	= {https://code.google.com/p/webgoat/}
}

