@misc{WhiteHat:2010:Online,
author = {WhiteHat},
title = {Website Security Statistic Report 9th Edition},
month = Spring,
year = {2010},
howpublished ="\url{https://www.whitehatsec.com/assets/WPstats_spring10_9th.pdf}"
}
